<?xml version="1.0" encoding="UTF-8"?><collection xmlns="http://www.loc.gov/MARC21/slim"><record><leader>00523nam--2200169-i-4500</leader><controlfield tag="001">000043276</controlfield><controlfield tag="002">20161230</controlfield><controlfield tag="005">20161230201044</controlfield><controlfield tag="008">060222s1000------------r-----000-0-eng-d</controlfield><datafield ind1=" " ind2=" " tag="040"><subfield code="a">IFIN-HH</subfield></datafield><datafield ind1=" " ind2=" " tag="080"><subfield code="a">533.9(043):621.039.63(43)</subfield></datafield><datafield ind1="1" ind2=" " tag="100"><subfield code="a">Swanson,David August</subfield></datafield><datafield ind1="1" ind2="0" tag="245"><subfield code="a">Theoretical study of a sperical inertial electrostatic plasma confinement device</subfield><subfield code="c">David august swanson</subfield></datafield><datafield ind1=" " ind2=" " tag="260"><subfield code="a">An Arbor, Michigan Univ.Microfilms Int.,1982</subfield></datafield><datafield ind1=" " ind2=" " tag="300"><subfield code="a">IV+98 P</subfield></datafield><datafield ind1=" " ind2=" " tag="852"><subfield code="a">70461</subfield><subfield code="c">533.9</subfield></datafield><datafield ind1=" " ind2=" " tag="CAT"><subfield code="a">Sys</subfield><subfield code="c">20100930</subfield><subfield code="h">121214</subfield></datafield></record></collection>